@article{cinelli2021echo,
  title={The echo chamber effect on social media},
  author={Cinelli, Matteo and De Francisci Morales, Gianmarco and Galeazzi, Alessandro and Quattrociocchi, Walter and Starnini, Michele},
  journal={Proceedings of the National Academy of Sciences},
  volume={118},
  number={9},
  pages={e2023301118},
  year={2021},
  publisher={National Acad Sciences}
}

@article{dandekar2013biased,
  title={Biased assimilation, homophily, and the dynamics of polarization},
  author={Dandekar, Pranav and Goel, Ashish and Lee, David T},
  journal={Proceedings of the National Academy of Sciences},
  volume={110},
  number={15},
  pages={5791--5796},
  year={2013},
  publisher={National Acad Sciences}
}

@inproceedings{gillani2018me,
  title={Me, my echo chamber, and I: introspection on social media polarization},
  author={Gillani, Nabeel and Yuan, Ann and Saveski, Martin and Vosoughi, Soroush and Roy, Deb},
  booktitle={Proceedings of the 2018 World Wide Web Conference},
  pages={823--831},
  year={2018}
}